@article{such,
  doi = {10.48550/ARXIV.1712.06567},
  url = {https://arxiv.org/abs/1712.06567},
  author = {Such, Felipe Petroski and Madhavan, Vashisht and Conti, Edoardo and Lehman, Joel and Stanley, Kenneth O. and Clune, Jeff},
  title = {Deep Neuroevolution: Genetic Algorithms Are a Competitive Alternative for Training Deep Neural Networks for Reinforcement Learning},
  publisher = {arXiv},
  year = {2017},
  copyright = {arXiv.org perpetual, non-exclusive license}
}

@misc{mujoco,
 title={Mujoco},
 author={DeepMind},
 howpublished="\url{https://mujoco.org/}",
 note="[Online; Accessed 20-04-22]"}

@article{gym,
  author    = {Greg Brockman and
               Vicki Cheung and
               Ludwig Pettersson and
               Jonas Schneider and
               John Schulman and
               Jie Tang and
               Wojciech Zaremba},
  title     = {OpenAI Gym},
  journal   = {CoRR},
  volume    = {abs/1606.01540},
  year      = {2016},
  url       = {http://arxiv.org/abs/1606.01540},
  eprinttype = {arXiv},
  eprint    = {1606.01540},
  timestamp = {Fri, 08 Nov 2019 12:51:06 +0100},
  biburl    = {https://dblp.org/rec/journals/corr/BrockmanCPSSTZ16.bib},
  bibsource = {dblp computer science bibliography, https://dblp.org}
}

@article{holland,
  author={Holland, John},
  year={1975},
  title={Adaptation in Natural and Artificial Systems}}

@misc{openai,
    title={Ingredients for Robotics Research},
    author={OpenAI},
    howpublished="\url{https://openai.com/blog/ingredients-for-robotics-research/}",
    note="[Online; Accessed 19-04-2022]"}


@article{pawelczyk,
    author = {Pawelczyk, Krzysztof and Kawulok, Michal and Nalepa, Jakub},
    title = {Genetically-Trained Deep Neural Networks},
    year = {2018},
    isbn = {9781450357647},
    publisher = {Association for Computing Machinery},
    address = {New York, NY, USA},
    url = {https://doi.org/10.1145/3205651.3208763},
    doi = {10.1145/3205651.3208763}}


@article{gomez,
    author="Gomez, Faustino and Schmidhuber, J{\"u}rgen and Miikkulainen, Risto",
    title="Efficient Non-linear Control Through Neuroevolution",
    year="2006",
    publisher="Springer Berlin Heidelberg",
    address="Berlin, Heidelberg",
    pages="654--662",
    isbn="978-3-540-46056-5"
}

@article{lazaric,
  author={Alessandro Lazaric},
  title={Transfer in Reinforcement Learning: a Framework and a Survey},
  year={2013}}

@article{mnih,
        author={Mnih, V and Kavukcouglum, K and Silver, D},
        title={Human Level Control through deep reinforcement learning},
        year={2015},
        doi={https://doi.org/10.1038/nature14236}}
